<?xml version="1.0" encoding="UTF-8"?><collection xmlns="http://www.loc.gov/MARC21/slim"><record><leader>00399nam--2200145-i-4500</leader><controlfield tag="001">000040996</controlfield><controlfield tag="002">20161230</controlfield><controlfield tag="005">20170111003507</controlfield><controlfield tag="008">060222s1000------------r-----000-0-eng-d</controlfield><datafield ind1=" " ind2=" " tag="245"><subfield code="a">Selected raman spectral data</subfield></datafield><datafield ind1=" " ind2=" " tag="260"><subfield code="a">College Station, Texas</subfield><subfield code="b">Texas A7m Univ</subfield><subfield code="c">1964</subfield></datafield><datafield ind1=" " ind2=" " tag="300"><subfield code="a">/P.Dif.</subfield></datafield><datafield ind1=" " ind2=" " tag="490"><subfield code="a">American Petroleum Inst.Research Project 44</subfield></datafield><datafield ind1=" " ind2=" " tag="852"><subfield code="a">24210</subfield></datafield><datafield ind1=" " ind2=" " tag="CAT"><subfield code="a">SYS</subfield><subfield code="c">20170111</subfield><subfield code="h">003507</subfield></datafield></record></collection>